% Encoding: UTF-8

@Article{dean2004,
  Title                    = {MapReduce: Simplified Data Processing on Large Clusters},
  Author                   = {Dean, Jeffrey and Ghemawat, Sanjay},
  Year                     = {2008},
  Doi                      = {10.1145/1327452.1327492},
  ISSN                     = {0001-0782},
  Month                    = jan,
  Number                   = {1},
  Pages                    = {107--113},
  Volume                   = {51},

  Acmid                    = {1327492},
  Address                  = {New York, NY, USA},
  Issue_date               = {January 2008},
  Journal                  = {Commun. ACM},
  Numpages                 = {7},
  Publisher                = {ACM}
}

@Book{freiknecht2014,
  Title                    = {Big Data in der Praxis : Lösungen mit Hadoop, HBase und Hive; Daten speichern, aufbereiten, visualisieren},
  Author                   = {Jonas Freiknecht},
  Year                     = {2014},
  ISBN                     = {978-3-446-43959-7},
  Publisher                = {Hanser},

  Address                  = {München},
  Size                     = {XII, 436 S. : Ill., graph. Darst. ; 1 DVD (12 cm)}
}

@Article{ghemawat2003,
  Title                    = {The Google File System},
  Author                   = {Ghemawat, Sanjay and Gobioff, Howard and Leung, Shun-Tak},
  Year                     = {2003},
  Doi                      = {10.1145/1165389.945450},
  ISSN                     = {0163-5980},
  Month                    = oct,
  Number                   = {5},
  Pages                    = {29--43},
  Volume                   = {37},

  Acmid                    = {945450},
  Address                  = {New York, NY, USA},
  Issue_date               = {December 2003},
  Journal                  = {SIGOPS Oper. Syst. Rev.},
  Keywords                 = {clustered storage, data storage, fault tolerance, scalability},
  Numpages                 = {15},
  Publisher                = {ACM}
}

@Book{Marz,
  Title                    = {Big Data: Principles and best practices of scalable realtime data systems},
  Author                   = {Nathan Marz and James Warren},
  Year                     = {2015},
  ISBN                     = {9781617290343},
  Publisher                = {Manning},

  Owner                    = {xce35g3},
  Timestamp                = {2015.08.10}
}

@Article{mcafee2012,
  Title                    = {Big Data: The Management Revolution},
  Author                   = {Andrew McAfee and Erik Brynjolfsson},
  Journaltitle             = {Harvard Business Review},
  Year                     = {October 2012},

  Owner                    = {xce35g3},
  Timestamp                = {2015.08.18}
}

@Inproceedings{shvachko2010,
  Title                    = {The Hadoop Distributed File System},
  Author                   = {Shvachko, Konstantin and Kuang, Hairong and Radia, Sanjay and Chansler, Robert},
  Booktitle                = {Proceedings of the 2010 IEEE 26th Symposium on Mass Storage Systems and Technologies (MSST)},
  Year                     = {2010},
  Doi                      = {10.1109/MSST.2010.5496972},
  ISBN                     = {978-1-4244-7152-2},
  Pages                    = {1--10},
  Publisher                = {IEEE Computer Society},
  Series                   = {MSST '10},

  Acmid                    = {1914427},
  Address                  = {Washington, DC, USA},
  Numpages                 = {10}
}

@Book{white2010,
  Title                    = {Hadoop: The Definitive Guide, 2nd Edition},
  Author                   = {Tom White},
  Year                     = {2010},
  ISBN                     = {978-1-449-38973-4},
  Pagetotal                = {628},
  Publisher                = {O'Reilly Media / Yahoo Press}
}

@Book{kleppmann17,
  title     = {Designing Data-Intensive Applications},
  publisher = {O'Reilly Media},
  year      = {2017},
  author    = {Martin Kleppmann},
}

@InProceedings{brewer02,
  author    = {Seth Gilbert and Nancy Lynch},
  title     = {{Brewer's Conjecture and the Feasibility of Consistent Available Partition-Tolerant Web Services}},
  booktitle = {In ACM SIGACT News},
  year      = {2002},
  pages     = {2002},
}

@Misc{marz2011,
  author       = {Nathan Marz},
  title        = {{How to beat the CAP theorem}},
  howpublished = {\url{http://nathanmarz.com/blog/how-to-beat-the-cap-theorem.html}},
  month        = {October},
  year         = {2011},
  note         = {Abgerufen am 1. Jan 2018},
}

@Misc{apachestorm,
  author       = {Apache Software Foundation ASE},
  title        = {{Apache Storm}},
  howpublished = {\url{http://storm.apache.org/}},
  note         = {Aufgerufen am 1. Jan 2018},
}

@Misc{stormpresentation2011,
  author       = {Nathan Marz},
  title        = {{Realtime Analytics with Storm and Hadoop}},
  howpublished = {\url{https://www.slideshare.net/Hadoop_Summit/realtime-analytics-with-storm/53-Storm_concepts_Streams_Spouts_Bolts}},
  month        = {Jun},
  year         = {2012},
  note         = {Aufgerufen am 1. Jan 2018},
}

@Misc{stormguaranteedprocessing,
  author       = {Apache Software Foundation ASE},
  title        = {{Guaranteeing Message Processing}},
  howpublished = {\url{http://storm.apache.org/releases/1.1.1/Guaranteeing-message-processing.html}},
  note         = {Aufgerufen am 1. Jan 2018},
}

@Misc{stormtrident,
  author       = {Apache Software Foundation ASE},
  title        = {{Trident API Overview}},
  howpublished = {\url{http://storm.apache.org/releases/1.1.1/Trident-API-Overview.html}},
  note         = {Aufgerufen am 1. Jan 2018},
}

@Misc{stormtridentstate,
  author       = {Apache Software Foundation ASE},
  title        = {{Trident State}},
  howpublished = {\url{http://storm.apache.org/releases/1.1.1/Trident-state.html}},
  note         = {Aufgerufen am 1. Jan 2018},
}

@Comment{jabref-meta: databaseType:bibtex;}
